%---------------------------------------------
% Database containing all authors in the book.
%---------------------------------------------

@misc{ahlgren,
	author = {{Tommy Ahlgren}},
}

@misc{anders_vuorijoki,
	author = {{Anders Vuorijoki}},
}

@misc{anton_taleiko,
	author = {{Anton Taleiko}},
}

@misc{amanda_olander,
	author = {{Amanda Olander}},
}

@misc{aslak_fellman,
	author = {{Aslak Fellman}},
}

@misc{alfredsson,
	author = {{Hasse Alfredsson}},
}

@misc{bellman,
	author = {{C. M. Bellman}},
}

@misc{berg,
	author = {{Jeremias Berg}},
}

@misc{bergstrom,
	author = {{Fanny Bergström}},
}

@misc{benjamin_af_hallstrom,
	author = {{B. af Hällström}},
}

@misc{bergstrom_general,
	author = {{Fanny ''Sångsboksgeneral'' Bergström}},
}

@misc{bengtson,
	author = {{Björn Bengtson}},
}

@misc{bjorkqvist,
	author = {{Sebastian Björkqvist}},
}

@misc{collan,
	author = {{Karl Collan}},
}

@misc{chloe_nozais,
	author = {{Chloé Nozais}},
}

@misc{daniderff,
	author = {{L. Daniderff}},
}

@misc{dan_lindholm,
	author = {{Dan Lindholm}},
}

@misc{emil_amnell,
	author = {{Emil Amnell}},
}

@misc{emma_sinisalo,
	author = {{Emma Sinisalo}},
}

@misc{eva_ahlgren,
	author = {{Eva Ahlgren}},
}

@misc{ehrstrom,
	author = {{F. A. Ehrström}},
}

@misc{ekblom,
	author = {{Madeleine Ekblom}},
}

@misc{eriksson,
	author = {{Mikael Eriksson}},
}

@misc{eriksson_l,
	author = {{Lars Eriksson}},
}

@misc{fridlund,
	author = {{Christoffer Fridlund}},
}

@misc{fredrika_lindholm,
	author = {{F. Lindholm}},
}

@misc{franzon,
	author = {{Lauri Franzon}},
}

@misc{gabriella_karhulahti,
	author = {{Gabriella Karhulahti}},
}

@misc{granberg,
	author = {{Fredric Granberg}},
}

@misc{granholm,
	author = {{Henry Granholm}},
}

@misc{grundberg,
	author = {{Hans Grundberg}},
}

@misc{gyllene_tider,
	author = {{Gyllene Tider}},
}

@misc{hagfors,
	author = {{J. F. Hagfors}},
}

@misc{henrik_stubb,
	author = {{Henrik Stubb}},
}

@misc{harkonen,
	author = {{Robert Härkönen}},
}

@misc{helismaa,
	author = {{Reino Helismaa}},
}

@misc{hellsten,
	author = {{Alex Hellsten}},
}

@misc{hofling,
	author = {{Eugen Höfling}},
}

@misc{hugo_astrom,
	author = {{Hugo Åström}},
}

@misc{isaksson,
	author = {{Christoffer Isaksson}},
}

@misc{jansson,
	author = {{Tove Jansson}},
}

@misc{julia_sevon,
	author = {{Julia Sevón}},
}

@misc{kallstenius,
	author = {{G. S. Kallstenius}},
}

@misc{karlman,
	author = {{Alexander Karlman}},
}

@misc{kulla,
	author = {{Sandra Kulla}},
}

@misc{kupi,
	author = {{Kalle Kupi}},
}

@misc{kettula,
	author = {{Kimmo Kettula}},
}

@misc{kindleben,
	author = {{C. W. Kindleben}},
}

@misc{lassheikki,
	author = {{Christina Lassheikki}},
}

@misc{leo_kolev,
	author = {{Leo Kolev}},
}

@misc{leskinen,
	author = {{Juice Leskinen}},
}

@misc{lillqvist,
	author = {{Niklas Lillqvist}},
}

@misc{liesipohja,
	author = {{Susanna Liesipohja}},
}

@misc{lind,
	author = {{August Lind}},
}

@misc{lindblad,
	author = {{O. Lindblad}},
}

@misc{lindell,
	author = {{Michael Lindell}},
}

@misc{lindemann,
	author = {{Wilhelm Lindemann}},
}

@misc{lindqvist,
	author = {{Ruben G. Lindqvist}},
}

@misc{litonius,
	author = {{Henrik Litonius}},
}

@misc{lybeck,
	author = {{Lasse Lybeck}},
}

@misc{lyth,
	author = {{Mårten Lyth}},
}

@misc{mannisto,
	author = {{Jere Mannisto}},
}

@misc{mattsson,
	author = {{Guss Mattsson}},
}

@misc{mccann,
	author = {{Robin McCann}},
}

@misc{meinshausen,
	author = {{A. Meinshausen}},
}

@misc{michelsson,
	author = {{Stefan Michelsson}},
}

@misc{niemi,
	author = {{Linda Niemi}},
}

@misc{nilsson,
	author = {{Torsten Nilsson}},
}

@misc{nomm,
	author = {{H. Nömm}},
}

@misc{osterberg,
	author = {{Bosse Österberg}},
}

@misc{orbis_primus,
	author = {{Orbis Primus}},
}

@misc{oliver_flinck,
	author = {{Oliver Flinck}},
}

@misc{oskar_flodin,
	author = {{Oskar Flodin}},
}

@misc{otto_lindblom,
	author = {{Otto Lindblom}},
}

@misc{pacius,
	author = {{F. Pacius}},
}

@misc{perasalo,
	author = {{Mats Peräsalo}},
}

@misc{perret,
	author = {{T. Perret}},
}

@misc{ramel,
	author = {{Povel Ramel}},
}

@misc{rasmus_nilsson,
	author = {{Rasmus Nilsson}},
}

@misc{ronnquist,
	author = {{Eva Rönnquist}},
}

@misc{roslund,
	author = {{Kajsa Roslund}},
}

@misc{rod_stewart,
	author = {{Rod Stewart}},
}

@misc{rundt,
	author = {{J. Rundt}},
}

@misc{runeberg,
	author = {{J. L. Runeberg}},
}

@misc{salonen,
	author = {{Eva Salonen}},
}

@misc{sara_hagstrom,
	author = {{Sara Hagström}},
}

@misc{satherberg,
	author = {{H. Sätherberg}},
}

@misc{sibelius,
	author = {{J. Sibelius}},
}

@misc{silfverberg,
	author = {{Hans Silfverberg}},
}

@misc{sirvio,
	author = {{Robert Sirviö}},
}

@misc{sas_och_kopp,
	author = {{Sås och Kopp}},
}

@misc{sjolund,
	author = {{Stefan Sjölund}},
}

@misc{staffans,
	author = {{Johan Staffans}},
}

@misc{stromberg,
	author = {{Ellen Strömberg}},
}

@misc{sundqvist,
	author = {{Olle Sundqvist}},
}

@misc{taube,
	author = {{Evert Taube}},
}

@misc{topelius,
	author = {{Zacharias Topelius}},
}

@misc{vestberg,
	author = {{Matias Vestberg}},
}

@misc{vuorela,
	author = {{Paul Vuorela}},
}

@misc{victor_lindblad,
	author = {{Victor Lindblad}},
}

@misc{vreeswijk,
	author = {{Cornelis Vreeswijk}},
}

@misc{wennerberg,
	author = {{G. Wennerberg}},
}

@misc{westerback,
	author = {{Patrik Westerback}},
}

@misc{westerlund,
	author = {{Jonas Westerlund}},
}

@misc{wirzenius,
	author = {{Lars Wirzenius}},
}

@misc{wolff,
	author = {{Joel Wolff}},
}

@misc{wrede,
	author = {{Iris Wrede}},
}

@misc{wahlberg,
	author = {{Gideon Wahlberg}},
}

@misc{yorkston,
	author = {{James Yorkston}},
}

