%---------------------------------------------
% Database containing all song references in the book.
%---------------------------------------------

@misc{absolutistvisan,
	title = {{Absolutistvisan}},
}

@misc{alla_faglar,
	title = {{Alla fåglar kommit re'n}},
}

@misc{barndomshemmet,
	title = {{Barndomshemmet}},
}

@misc{brevet_fran_kolonien,
	title = {{Brevet från kolonien}},
}

@misc{beroende_pa_humor,
	title = {{(beroende på humör)}},
}

@misc{an_den_schonen_blauen_donau,
	title = {{An den schönen blauen Donau}},
}

@misc{auld_lang_syne,
	title = {{Auld lang syne}},
}

@misc{ballad_pa_en_soptipp,
	title = {{Ballad på en soptipp}},
}

@misc{bamsevisan,
	title = {{Bamsevisan}},
}

@misc{beautiful_dreamer,
	title = {{Beautiful dreamer}},
}

@misc{bei_mir_bist_du_schon,
	title = {{Bei mir bist du schön}},
}

@misc{blasippor,
	title = {{Blåsippor}},
}

@misc{bort_allt_vad_oro_gor,
	title = {{Bort allt vad oro gör}},
}

@misc{broder_jacob,
	title = {{Broder Jacob}},
}

@misc{byssan_lull,
	title = {{Byssan lull}},
}

@misc{camptown_races,
	title = {{Camptown Races}},
}

@misc{concerning_hobbits,
	title = {{Concerning Hobbits}},
}

@misc{cotton_fields,
	title = {{Cotton Fields}},
}

@misc{den_blomstertid_nu_kommer,
	title = {{Den blomstertid nu kommer}},
}

@misc{diamonds,
	title = {{Diamonds are a girl's best friend}},
}

@misc{ding_dong_merrily,
	title = {{Ding, dong, merrily on high}},
}

@misc{du_ska_fa_min_gamla_cykel_nar_jag_dor,
	title = {{Du ska få min gamla cykel när jag dör}},
}

@misc{du_ar_den_ende,
	title = {{Du är den ende}},
}

@misc{egen,
	title = {{Egen (ca. When Johnny comes marching home)}},
}

@misc{eksjo_stad_pa_ranneslatt,
	title = {{Eksjö stad på ränneslätt}},
}

@misc{en_kulen_natt,
	title = {{En kulen natt}},
}

@misc{en_lille_rystedans,
	title = {{En lille Rystedans}},
}

@misc{en_sockerbagare,
	title = {{En sockerbagare}},
}

@misc{finlandia,
	title = {{Finlandia}},
}

@misc{fru_soderstrom,
	title = {{Fru Söderström}},
}

@misc{gardebylaten,
	title = {{Gärdebylåten}},
}

@misc{gokvisa,
	title = {{Gökvisa}},
}

@misc{ga_och_fiska,
	title = {{Gå och fiska}},
}

@misc{gory_gory,
	title = {{Gory, gory, what a hell of a way to die}},
}

@misc{hallelujah,
	title = {{Hallelujah}},
}

@misc{hava_nagila,
	title = {{Hava Nagila (Israelisk folksång)}},
}

@misc{harman_polkka,
	title = {{Härmän polkka}},
}

@misc{hej_tomtegubbar,
	title = {{Hej tomtegubbar}},
}

@misc{helan_gar,
	title = {{Helan går}},
}

@misc{hello_muddah_hello_fuddah,
	title = {{Hello Muddah, Hello Fuddah}},
}

@misc{hepokatti,
	title = {{Hepokatti}},
}

@misc{hey_look_me_over,
	title = {{Hey, look me over!}},
}

@misc{hostvisan,
	title = {{Höstvisan}},
}

@misc{i_apladalen_i_varnamo,
	title = {{I Apladalen i Värnamo}},
}

@misc{white_christmas,
	title = {{I'm dreaming of a white christmas}},
}

@misc{ifjol_sa_gick_jag_med_herrarna_i_hagen,
	title = {{Ifjol så gick jag med herrarna i hagen}},
}

@misc{i_natt_jag_dromde,
	title = {{I natt jag drömde}},
}

@misc{i_sommarens_soliga_dagar,
	title = {{I sommarens soliga dagar}},
}

@misc{if_i_were_a_rich_man,
	title = {{If I were a rich man}},
}

@misc{imbelupet,
	title = {{Imbelupet}},
}

@misc{imse-vimse_spindel,
	title = {{Imse-vimse spindel}},
}

@misc{internationalen,
	title = {{Internationalen}},
}

@misc{jag_har_aldrig,
	title = {{Jag har aldrig}},
}

@misc{jahavari,
	title = {{Jahavari}},
}

@misc{jambalaya,
	title = {{Jambalaya}},
}

@misc{jeepers_creepers,
	title = {{Jeepers Creepers}},
}

@misc{kolmekymppinen,
	title = {{Kolmekymppinen}},
}

@misc{katyusha,
	title = {{Katyusha}}, % Катюша
}

@misc{katyusha_rus,
	title = {{\foreignlanguage{russian}{Катюша}}},
}

@misc{kapteeni_katsoi_horisonttihin,
	title = {{Kapteeni katsoi horisonttihin}},
}

@misc{klappa_handerna,
	title = {{Klappa händerna när du är riktigt glad}},
}

@misc{kors_pa_idas_grav,
	title = {{Kors på Idas grav}},
}

@misc{lambeth_walk,
	title = {{Lambeth Walk}},
}

@misc{lili_marlene,
	title = {{Lili Marlene}},
}

@misc{lille_katt,
	title = {{Lille Katt}},
}

@misc{lippen_schweigen,
	title = {{Lippen schweigen}},
}

@misc{langtan_till_landet,
	title = {{Längtan till landet}},
}

@misc{mamma_mia,
	title = {{Mamma Mia}},
}

@misc{marsche_militaire,
	title = {Marsche Militaire}},
}

@misc{med_en_enkel_tulipan,
	title = {{Med en enkel tulipan}},
}

@misc{memory,
	title = {{Memory}},
}

@misc{metsavendade_laul,
	title = {{Metsavendade laul}},
}

@misc{min_hatt_den_har_tre_kanter,
	title = {{Min hatt den har tre kanter}},
}

@misc{modersmalets_sang,
	title = {{Modersmålets sång}},
}

@misc{monty_python,
	title = {{Monty Python}},
}

@misc{mors_lilla_olle,
	title = {{Mors lilla Olle}},
}

@misc{morsgrisar,
	title = {{Morsgrisar}},
}

@misc{mossens_julafton,
	title = {{Mössens julafton}},
}

@misc{my_bonnie,
	title = {{My Bonnie}},
}

@misc{natten_gar_tunga_fjat,
	title = {{Natten går tunga fjät}},
}

@misc{nu_har_vi_jul,
	title = {{Nu har vi jul}},
}

@misc{nu_ska_vi_skorda_linet,
	title = {{Nu ska vi skörda linet}},
}

@misc{nykterhetsprovet,
	title = {{Nykterhetsprovet}},
}

@misc{nar_jag_var_en_ung_caballiero,
	title = {{När jag var en ung caballiero}},
}

@misc{nar_manen_vandrar,
	title = {{När månen vandrar}},
}

@misc{never_gonna_give_you_up,
	title = {{Never gonna give you up}},
}

@misc{nu_ar_det_sommar_nu_ar_det_sol,
	title = {{Nu är det sommar, nu är det sol}},
}

@misc{o_du_lieber_augustin,
	title = {{O du lieber Augustin}},
}

@misc{o_tannenbaum,
	title = {{O Tannenbaum}},
}

@misc{o_hur_saligt_att_fa_vandra,
	title = {{O, hur saligt att få vandra}},
}

@misc{o_gamla_klang_och_jubeltid,
	title = {{O, gamla klang- och jubeltid}},
}

@misc{obladi_oblada,
	title = {{Obladi oblada}},
}

@misc{och_flickan_hon_gar_i_dansen,
	title = {{Och flickan hon går i dansen}},
}

@misc{och_nu_ar_det_vinter,
	title = {{Och nu är det vinter}},
}

@misc{ode_to_joy,
	title = {{Ode to Joy}},
}

@misc{om_man_inte_har_for_stora_pretentioner,
	title = {{Om man inte har för stora pretentioner}},
}

@misc{polyuska_polye,
	title = {{Polyuska polye}}, % Полюшко поле 
}

@misc{polyuska_polye_rus,
	title = {{\foreignlanguage{russian}{Полюшко поле}}},
}

@misc{proton,
	title = {{Proton}},
}

@misc{punschen_kommer,
	title = {{Punschen kommer}},
}

@misc{rattata,
	title = {{Rattata}},
}

@misc{ritsch_ratsch_filibom,
	title = {{Ritsch, ratsch, filibom}},
}

@misc{row_your_boat,
	title = {{Row Your Boat}},
}

@misc{raven_raskar_over_isen,
	title = {{Räven raskar över isen}},
}

@misc{rap_god,
	title = {{Rap god}},
}

@misc{rasputin,
	title = {{Rasputin}},
}

@misc{rovarnas_visa,
	title = {{Rövarnas visa}},
}

@misc{ryska_federationens_hymn,
	title = {{Gosudarstvennyj gimn Rossijskoj Federatsii, Ryska federationens hymn}},
}

@misc{ryska_federationens_hymn_rus,
	title = {{\foreignlanguage{russian}{Государственный гимн Российской Федерации}}},
}

@misc{sancta_lucia,
	title = {{Sancta Lucia}},
}

@misc{sibbovisan,
	title = {{Sibbovisan}},
}

@misc{silja-line_theme,
	title = {{Un homme et une femme}},
}

@misc{sjosala_vals,
	title = {{Sjösala vals}},
}

@misc{skargardsidyll,
	title = {{Skärgårdsidyll}},
}

@misc{sakta_vi_ga_genom_stan,
	title = {{Sakta vi gå genom stan}},
}

@misc{skanska_slott_och_herrsaten,
	title = {{Skånska slott och herresäten}},
}

@misc{snickerboa,
	title = {{Snickerboa}},
}

@misc{sommaren_ar_kort,
	title = {{Sommaren är kort}},
}

@misc{somliga_gar,
	title = {{Somliga går med trasiga skor}},
}

@misc{sov_du_lilla_videung,
	title = {{Sov du lilla videung}},
}

@misc{stenka_rasin,
	title = {{Stenka Rasin}},
}

@misc{studentsangen,
	title = {{Studentsången}},
}

@misc{sa_lange_skutan_kan_ga,
	title = {{Så länge skutan kan gå}},
}

@misc{sang_nr_17_ur_bacchi_tempel,
	title = {{Sång nr. 17 ur Bacchi Tempel}},
}

@misc{sornai_gusha,
	title = {{Sörnai Gusha}},
}

@misc{sturske_laban,
	title = {{Sturske Laban}},
}

@misc{svarta_ogon,
	title = {{Svarta Ögon}},
}

@misc{sa_bistert_kall,
	title = {{Så bistert kall blåser nordanvinden}},
}

@misc{te_deum,
	title = {{Te Deum}},
}

@misc{tetris,
	title = {{Tetris}},
}

@misc{tomtarnas_julmarsch,
	title = {{Tomtarnas Julmarsch}},
}

@misc{the_battle_hymn_of_the_republic,
	title = {{The Battle Hymn of the Republic}},
}

@misc{the_british_grenadiers,
	title = {{The British Grenadiers}},
}

@misc{those_were_the_days,
	title = {{Those were the days}},
}

@misc{titine,
	title = {{Je cherche apres Titine}},
}

@misc{tomtarnas_julnatt,
	title = {{Tomtarnas julnatt}},
}

@misc{trampa_pa_gasen,
	title = {{Trampa på gasen}},
}

@misc{trink_trink,
	title = {{Trink, trink}},
}

@misc{trollmors_vaggvisa,
	title = {{Trollmors vaggvisa}},
}

@misc{tuoll_on,
	title = {{Tuoll' on mun kultani}},
}

@misc{var_nojd_med_allt_som_livet_ger,
	title = {{Var nöjd med allt som livet ger}},
}

@misc{vem_kan_segla,
	title = {{Vem kan segla}},
}

@misc{vi_ga_over_daggstankta_berg,
	title = {{Vi gå över daggstänkta berg}},
}

@misc{vid_en_kalla,
	title = {{Vid en källa}},
}

@misc{vinden_drar,
	title = {{Vinden drar}},
}

@misc{vart_land,
	title = {{Vårt Land}},
}

@misc{vanhojapoikia_viiksekkaita,
	title = {{Vanhojapoikia viiksekkäitä}},
}

@misc{var_bor_du_lilla_ratta,
	title = {{Var bor du lilla råtta?}},
}

@misc{vava_vadmal,
	title = {{Väva vadmal}},
}

@misc{varvindar_friska,
	title = {{Vårvindar friska}},
}

@misc{we_wish_you_a_merry_christmas,
	title = {{We wish you a merry Christmas}},
}

@misc{we_are_the_champions,
	title = {{We are the champions}},
}

@misc{when_you_wish_upon_a_star,
	title = {{When you wish upon a star}},
}

@misc{when_johnny_comes_marching_home,
	title = {{When Johnny comes marching home}},
}

@misc{yesterday,
	title = {{Yesterday}},
}




